<?xml version="1.0" encoding="UTF-8"?>
<!-- SWIFT MT103 Single Customer Credit Transfer - Attribute-heavy financial message -->
<Document xmlns="urn:iso:std:iso:20022:tech:xsd:pain.001.001.09"
          xmlns:xsi="http://www.w3.org/2001/XMLSchema-instance"
          xsi:schemaLocation="urn:iso:std:iso:20022:tech:xsd:pain.001.001.09 pain.001.001.09.xsd">
  <CstmrCdtTrfInitn>
    <GrpHdr>
      <MsgId>MSG-2026-04-27-001</MsgId>
      <CreDtTm>2026-04-27T14:30:00Z</CreDtTm>
      <NbOfTxs>2</NbOfTxs>
      <CtrlSum>15750.00</CtrlSum>
      <InitgPty>
        <Nm>Windmill Trading B.V.</Nm>
        <Id>
          <OrgId>
            <Othr>
              <Id>NL123456789</Id>
              <SchmeNm>
                <Cd>CUST</Cd>
              </SchmeNm>
            </Othr>
          </OrgId>
        </Id>
      </InitgPty>
    </GrpHdr>
    <PmtInf>
      <PmtInfId>PMT-BATCH-001</PmtInfId>
      <PmtMtd>TRF</PmtMtd>
      <BtchBookg>true</BtchBookg>
      <NbOfTxs>2</NbOfTxs>
      <CtrlSum>15750.00</CtrlSum>
      <PmtTpInf>
        <InstrPrty>NORM</InstrPrty>
        <SvcLvl>
          <Cd>SEPA</Cd>
        </SvcLvl>
      </PmtTpInf>
      <ReqdExctnDt>
        <Dt>2026-04-28</Dt>
      </ReqdExctnDt>
      <Dbtr>
        <Nm>Windmill Trading B.V.</Nm>
        <PstlAdr>
          <StrtNm>Keizersgracht</StrtNm>
          <BldgNb>789</BldgNb>
          <PstCd>1017 DS</PstCd>
          <TwnNm>Amsterdam</TwnNm>
          <Ctry>NL</Ctry>
        </PstlAdr>
      </Dbtr>
      <DbtrAcct>
        <Id>
          <IBAN>NL91ABNA0417164300</IBAN>
        </Id>
        <Ccy>EUR</Ccy>
      </DbtrAcct>
      <DbtrAgt>
        <FinInstnId>
          <BICFI>ABNANL2A</BICFI>
        </FinInstnId>
      </DbtrAgt>
      <CdtTrfTxInf>
        <PmtId>
          <InstrId>INSTR-001</InstrId>
          <EndToEndId>E2E-INV-2026-0042</EndToEndId>
        </PmtId>
        <Amt>
          <InstdAmt Ccy="EUR">10500.00</InstdAmt>
        </Amt>
        <CdtrAgt>
          <FinInstnId>
            <BICFI>DEUTDEFF</BICFI>
          </FinInstnId>
        </CdtrAgt>
        <Cdtr>
          <Nm>SAP Deutschland SE</Nm>
          <PstlAdr>
            <StrtNm>Dietmar-Hopp-Allee</StrtNm>
            <BldgNb>16</BldgNb>
            <PstCd>69190</PstCd>
            <TwnNm>Walldorf</TwnNm>
            <Ctry>DE</Ctry>
          </PstlAdr>
        </Cdtr>
        <CdtrAcct>
          <Id>
            <IBAN>DE89370400440532013000</IBAN>
          </Id>
        </CdtrAcct>
        <RmtInf>
          <Strd>
            <RfrdDocInf>
              <Tp>
                <CdOrPrtry>
                  <Cd>CINV</Cd>
                </CdOrPrtry>
              </Tp>
              <Nb>INV-2026-0042</Nb>
              <RltdDt>2026-04-15</RltdDt>
            </RfrdDocInf>
          </Strd>
        </RmtInf>
      </CdtTrfTxInf>
      <CdtTrfTxInf>
        <PmtId>
          <InstrId>INSTR-002</InstrId>
          <EndToEndId>E2E-INV-2026-0043</EndToEndId>
        </PmtId>
        <Amt>
          <InstdAmt Ccy="EUR">5250.00</InstdAmt>
        </Amt>
        <CdtrAgt>
          <FinInstnId>
            <BICFI>BOFAGB22</BICFI>
          </FinInstnId>
        </CdtrAgt>
        <Cdtr>
          <Nm>Acme Integration Ltd.</Nm>
          <PstlAdr>
            <StrtNm>Canary Wharf</StrtNm>
            <BldgNb>1</BldgNb>
            <PstCd>E14 5AB</PstCd>
            <TwnNm>London</TwnNm>
            <Ctry>GB</Ctry>
          </PstlAdr>
        </Cdtr>
        <CdtrAcct>
          <Id>
            <IBAN>GB29NWBK60161331926819</IBAN>
          </Id>
        </CdtrAcct>
        <RmtInf>
          <Ustrd>Invoice INV-2026-0043 consulting services Q1</Ustrd>
        </RmtInf>
      </CdtTrfTxInf>
    </PmtInf>
  </CstmrCdtTrfInitn>
</Document>
